@InProceedings{censys15,
    author = {Zakir Durumeric and David Adrian and Ariana Mirian 
              and Michael Bailey and J. Alex Halderman},
    title = {A Search Engine Backed by {I}nternet-Wide Scanning},
    booktitle = {22nd {ACM} Conference on Computer and 
                 Communications Security},
    month = oct,
    year = 2015
}


@inproceedings{exit_hell,
	title = {Exit from {Hell}? {Reducing} the {Impact} of {AmpliÔ¨Åcation} {DDoS} {Attacks}},
	language = {en},
	author = {K{\"u}hrer, Marc and Hupperich, Thomas and Rossow, Christian and Holz, Thorsten},
        booktitle = {23rd USENIX Security Symposium (USENIX Security 14)},
    year = {2014},
    isbn = {978-1-931971-15-7},
    address = {San Diego, CA},
    pages = {111--125},
    url = {https://www.usenix.org/conference/usenixsecurity14/technical-sessions/presentation/kuhrer},
    publisher = {USENIX Association},
    month = aug
}



@inproceedings{van_der_toorn_anyway_2021,
	address = {Izmir, Turkey},
	title = {{ANYway}: {Measuring} the {Amplification} {DDoS} {Potential} of {Domains}},
	copyright = {https://doi.org/10.15223/policy-029},
	isbn = {978-3-903176-36-2},
	shorttitle = {{ANYway}},
	url = {https://ieeexplore.ieee.org/document/9615596/},
	doi = {10.23919/CNSM52442.2021.9615596},
	language = {en},
	urldate = {2024-04-22},
	booktitle = {2021 17th {International} {Conference} on {Network} and {Service} {Management} ({CNSM})},
	publisher = {IEEE},
	author = {Van Der Toorn, Olivier and Krupp, Johannes and Jonker, Mattijs and Van Rijswijk-Deij, Roland and Rossow, Christian and Sperotto, Anna},
	month = oct,
	year = {2021},
	pages = {500--508},
}




@inproceedings{griffioen_scan_2021,
	address = {Virtual Event Republic of Korea},
	title = {Scan, {Test}, {Execute}: {Adversarial} {Tactics} in {Amplification} {DDoS} {Attacks}},
	isbn = {978-1-4503-8454-4},
	shorttitle = {Scan, {Test}, {Execute}},
	url = {https://dl.acm.org/doi/10.1145/3460120.3484747},
	doi = {10.1145/3460120.3484747},
	language = {en},
	urldate = {2024-04-22},
	booktitle = {Proceedings of the 2021 {ACM} {SIGSAC} {Conference} on {Computer} and {Communications} {Security}},
	publisher = {ACM},
	author = {Griffioen, Harm and Oosthoek, Kris and Van Der Knaap, Paul and Doerr, Christian},
	month = nov,
	year = {2021},
	pages = {940--954},
}



@inproceedings{wagner_united_2021,
	address = {Virtual Event Republic of Korea},
	title = {United {We} {Stand}: {Collaborative} {Detection} and {Mitigation} of {Amplification} {DDoS} {Attacks} at {Scale}},
	isbn = {978-1-4503-8454-4},
	shorttitle = {United {We} {Stand}},
	url = {https://dl.acm.org/doi/10.1145/3460120.3485385},
	doi = {10.1145/3460120.3485385},
	language = {en},
	urldate = {2024-04-22},
	booktitle = {Proceedings of the 2021 {ACM} {SIGSAC} {Conference} on {Computer} and {Communications} {Security}},
	publisher = {ACM},
	author = {Wagner, Daniel and Kopp, Daniel and Wichtlhuber, Matthias and Dietzel, Christoph and Hohlfeld, Oliver and Smaragdakis, Georgios and Feldmann, Anja},
	month = nov,
	year = {2021},
	pages = {970--987},
}


@misc{imperva_snmp,
  title = {{SNMP Reflection Attacks.}},
  howpublished = {Imperva, \url{https://www.imperva.com/learn/ddos/snmp-reflection/}},
}

@misc{wiki_memcached,
  title = {Memcached website.},
  howpublished ={Memcached, \url{https://www.memcached.org/}},
}

@article{wired_memcached_ddos,
  author = {Wired},
  title = {{GitHub Survived the Biggest DDoS Attack Ever Recorded}},
  year = {2018},
  url = {https://www.wired.com/story/github-ddos-memcached/},
  note = {Accessed: May 9, 2024}
}


@misc{memcached_github,
  title = {{Memcached Repository.}},
  howpublished = {GitHub, \url{https://github.com/memcached/memcached}},
}

@misc{akamai2018attackspotlight,
  title = {{State of the Internet / Security: Summer 2018 Attack Spotlight.}},
  howpublished={Akamai Technologies, \url{https://www.akamai.com/site/en/documents/state-of-the-internet/soti-summer-2018-attack-spotlight.pdf}},
}

@misc{ntpd-patched,
    title={{4.2.8-series Changelog.}},
    howpublished={NTP Project,\url{https://www.ntp.org/support/securitynotice/4_2_8-series-changelog/}}
}

@misc{memcached-fixed,
    title={{How To Secure Memcached by Reducing Exposure.}},
    howpublished={DigitalOcean,\url{https://www.digitalocean.com/community/tutorials/how-to-secure-memcached-by-reducing-exposure}}
}
@techreport{rfc-8482,
  author = {Joe Abley and Olafur Gudmundsson and Marek Majkowski and Evan Hunt},
  title = {{Providing Minimal-Sized Responses to DNS Queries That Have QTYPE=ANY}.},
  institution = {RFC Editor},
  type = {RFC},
  number = {8482},
  year = {2019},
  url = {https://datatracker.ietf.org/doc/html/rfc8482},
  doi = {10.17487/rfc8482},
}

@techreport{rfc9210,
    author ={John Kristoff and Duane Wessels} ,
    title = {{DNS Transport over TCP - Operational Requirements.}} ,
    institution = {RFC Editor},
    type = {RFC},
    number = {9210},
    year =  {2022},
    url = {https://www.rfc-editor.org/rfc/rfc9210},
}

@techreport{rfc-5358,
	author = {Damas, J. and Neves, F.},
	title = {{Preventing use of recursive nameservers in reflector attacks}},
        institution = {RFC Editor},
        type={RFC},
        number={5358},
	year = {2008},
	doi = {10.17487/rfc5358},
	url = {https://www.rfc-editor.org/rfc/rfc5358},
}

@misc{shodan,
  author = "{Shodan}",
  year = {2024},
  url = {https://www.shodan.io/dashboard},
  note = "[Accessed May 9, 2024]"
}


@inproceedings{scapy,
  author    = {R. Rohith and M. Moharir and G. Shobha},
  title     = {{SCAPY - a powerful interactive packet manipulation program}},
  booktitle = {2018 International Conference on Networking, Embedded and Wireless Systems (ICNEWS)},
  year      = {2018},
  publisher = {IEEE},
  doi       = {10.1109/ICNEWS.2018.8900335},
}

@misc{jq,
    howpublished={Jq, \url{https://jqlang.github.io/jq/}},
}

@techreport{wiki_ntp,
	author = {Mills, D.L.},
	title = {{Network Time Protocol (NTP)}},
	year = {1985},
	doi = {10.17487/rfc0958},
        institution = {RFC Editor},
        type={RFC},
        number={958},
	url = {https://www.rfc-editor.org/rfc/rfc958},
        
}

@misc{iana,
    title={Top-level domains.},
    howpublished={IANA, \url{https://data.iana.org/TLD/tlds-alpha-by-domain.txt}}
}

@misc{ntp_pool,
    howpublished={NTP Pool Project, \url{https://www.ntppool.org/en/}}
}

@misc{tum_domains,
    title={Top domains.},
    howpublished={TUM, \url{https://toplists.net.in.tum.de/archive}},
}

@misc{sntp_overview,
    title={{SNTP overview}.},
    howpublished={TimeTools, \url{https://timetoolsltd.com/ntp/sntp-overview/}},

}

@misc{wireshark,
    howpublished={Wireshark, \url{https://www.wireshark.org/
}},
}

@misc{ipinfo,
    howpublished={IP Info, \url{https://ipinfo.io/}},
}

@misc{google_dns,
    title={{Public DNS}.},
    howpublished={Google, \url{https://developers.google.com/speed/public-dns/}},
}

@misc{wired_ddos,
    title={{GitHub Survived the Biggest DDoS Attack Ever Recorded}.},
    howpublished={Wired, \url{https://www.wired.com/story/github-ddos-memcached/}},
}

@misc{rapid7_private,
    author={Jon Hart},
    title={{R7-2014-12: More Amplification Vulnerabilities in NTP Allow Even More DRDoS Attacks}.},
    howpublished={Rapid7, \url{https://www.rapid7.com/blog/post/2014/08/25/r7-2014-12-more-amplification-vulnerabilities-in-ntp-allow-even-more-drdos-attacks/}},
}

@misc{fpdns_kirei,
    title={{DNS server fingeprinting tool
}.},
    howpublished={GitHub, \url{https://github.com/kirei/fpdns
}},
}

@misc{ntpq,
    title={{NTP Debugging Techniques.}},
    howpublished={NTPsec, \url{https://docs.ntpsec.org/latest/debug.html}},
}

@misc{ntp_cve,
    title={{CVE-2013-5211 Detail}.},
    howpublished={NIST, \url{https://nvd.nist.gov/vuln/detail/CVE-2013-5211
}},
}


@techreport{rfc6891,
  author = {Damas, J. and Graff, M. and Vixie, P.},
  title = {{Extension Mechanisms for DNS (EDNS(0))}.},
  institution = {RFC Editor},
  type={RFC},
  number={6891},
  year={2013},
  url = {https://www.rfc-editor.org/rfc/rfc6891},

}

@misc{dnsflagday,
    title={{DNS flag day 2020}.},
    howpublished={{DNS Flag Day}, \url{https://www.dnsflagday.net/2020/}},
}

@misc{mikrotik_forum,
    title={{Router OS DNS documentation.}},
    howpublished={MikroTik, \url{https://help.mikrotik.com/docs/display/ROS/DNS}}
}


@misc{loopy_code, 
    title={{Cispa Loopy repository}.},
    howpublished={GitHub, \url{https://github.com/cispa/loop-DoS/tree/main}},
}

@misc{rares_code,
    author={Toader, R.},
    howpublished={GitHub, \url{https://github.com/RaresToader/cse3000}},
}


@inproceedings {zmap,
author = {Zakir Durumeric and Eric Wustrow and J. Alex Halderman},
title = {{ZMap}: Fast Internet-wide Scanning and Its Security Applications},
booktitle = {22nd USENIX Security Symposium (USENIX Security 13)},
year = {2013},
isbn = {978-1-931971-03-4},
address = {Washington, D.C.},
pages = {605--620},
url = {https://www.usenix.org/conference/usenixsecurity13/technical-sessions/paper/durumeric},
publisher = {USENIX Association},
month = aug
}


@misc{cloud_dns_ampl,
  title = {What is a {DNS Amplification DDoS Attack}?},
  howpublished = {Cloudflare, \url{https://www.cloudflare.com/en-gb/learning/ddos/dns-amplification-ddos-attack/}},
}


@misc{cloud_memcached_ampl,
  title = {What is a {Memcached DDoS Attack}?},
  howpublished = {Cloudflare, \url{https://www.cloudflare.com/en-gb/learning/ddos/memcached-ddos-attack/}},
}

@misc{cloudflare_ntp_ampl,
  title = {What is an {NTP Amplification DDoS Attack}?},
  howpublished = {Cloudflare, \url{https://www.cloudflare.com/en-gb/learning/ddos/ntp-amplification-ddos-attack/}},
}



@misc{cloud_dos,
  title = {What is a denial-of-service {(DoS)} attack?},
  howpublished = {Cloudflare, \url{https://www.cloudflare.com/en-gb/learning/ddos/glossary/denial-of-service/}},
}

@misc{memcached-fixed-version,
    title={{Release Notes 1.5.6.}},
    howpublished={Memcached Repository, \url{https://github.com/memcached/memcached/wiki/ReleaseNotes156}}
}

@misc{cloud_dns_threat_landscape,
 title= {The evolving {DNS} threat landscape.},
 howpublished={Cloudflare, \url{https://www.cloudflare.com/en-gb/the-net/dns-landscape/}}
}



@misc{cloud_ddos,
  title = {What is a {DDoS} attack?},
  howpublished = {Cloudflare, \url{https://www.cloudflare.com/en-gb/learning/ddos/what-is-a-ddos-attack/}},
}

@misc{crowdstrike_botnet,
	title = {{What is a Botnet?}},
	howpublished = {CrowdStrike, \url{https://www.crowdstrike.com/cybersecurity-101/botnets/}},
}

@misc{buy_ddos,
	title = {{DDoS for hire.}},
	howpublished = {Imperva, \url{https://www.imperva.com/learn/ddos/booters-stressers-ddosers/}},
}

@misc{mit_first_ddos,
    title = {The first {DDoS} attack was 20 years ago. This is what we‚Äôve learned since.},
    howpublished = {\url{https://www.technologyreview.com/2019/04/18/103186/the-first-ddos-attack-was-20-years-ago-this-is-what-weve-learned-since/}},
}

% https://www.technologyreview.com/2019/04/18/103186/the-first-ddos-attack-was-20-years-ago-this-is-what-weve-learned-since/



@misc{cloud_q1report,
	title = {{DDoS} threat report for 2024 {Q1}.},
	howpublished = {Cloudflare, \url{https://blog.cloudflare.com/ddos-threat-report-for-2024-q1/}},
}


@misc{cloud_famoud_ddos,
	title = {Famous {DDoS} attacks | The largest {DDoS} attacks of all time.},
	howpublished = {Cloudflare, \url{https://www.cloudflare.com/en-gb/learning/ddos/famous-ddos-attacks/}},
}

@misc{spoofer_project,
    title = {Spoofer {Project}.},
    howpublished={{CAIDA}, \url{https://www.caida.org/projects/spoofer/}},
}



@inproceedings{amplification_hell,
	address = {San Diego, CA},
	title = {Amplification {Hell}: {Revisiting} {Network} {Protocols} for {DDoS} {Abuse}},
	isbn = {978-1-891562-35-8},
	shorttitle = {Amplification {Hell}},
	url = {https://www.ndss-symposium.org/ndss2014/programme/amplification-hell-revisiting-network-protocols-ddos-abuse/},
	doi = {10.14722/ndss.2014.23233},
	language = {en},
	urldate = {2024-04-22},
	booktitle = {Proceedings 2014 {Network} and {Distributed} {System} {Security} {Symposium}},
	publisher = {Internet Society},
	author = {Rossow, Christian},
	year = {2014},
}

@techreport{ferguson-2000,
	author = {Ferguson, P. and Senie, D.},
	title = {{Network Ingress Filtering: Defeating Denial of Service Attacks which employ IP Source Address Spoofing}.},
    institution = {RFC Editor},
      type = {RFC},
     number = {2827},
	year = {2000},
	doi = {10.17487/rfc2827},
	url = {https://www.rfc-editor.org/rfc/rfc2827.html},
}


@misc{cloud_monlist,
    title ={{NTP} amplification {DDoS} attack.},
    howpublished={Cloudflare, \url{https://www.cloudflare.com/en-gb/learning/ddos/ntp-amplification-ddos-attack/}}
}

@misc{edns0-primer,
    title={{What's EDNS All About (And Why Should I Care)?}},
    howpublished={The DNS Institute, \url{https://dnsinstitute.com/documentation/dnssec-guide/ch03s05.html}}
}

@misc{dsm,
    title={{DiskStation Manager 7.0.1.}},
    howpublished={Synology, \url{https://www.synology.com/en-us/DSM70}},
}



@inproceedings{van_rijswijk-deij_dnssec_2014,
	address = {Vancouver BC Canada},
	title = {{DNSSEC} and its potential for {DDoS} attacks: a comprehensive measurement study},
	isbn = {978-1-4503-3213-2},
	shorttitle = {{DNSSEC} and its potential for {DDoS} attacks},
	url = {https://dl.acm.org/doi/10.1145/2663716.2663731},
	doi = {10.1145/2663716.2663731},
	language = {en},
	booktitle = {Proceedings of the 2014 {Conference} on {Internet} {Measurement} {Conference}},
	publisher = {ACM},
	author = {Van Rijswijk-Deij, Roland and Sperotto, Anna and Pras, Aiko},
	year = {2014},
	pages = {449--460},
}


Referencenumber Author(s) Initial(s). Surname(s), "Title of webpage," Title of website, Publisher/organization, Date of publication. OnlineOnline. Available: URL. Accessed:Month‚àíDay‚àíYearAccessed:Month‚àíDay‚àíYear.



@misc{crowdstrike_popular_attacks,
    title = {10 most common types of cyber attacks.},
    howpublished ={CrowdStrike, \url{https://www.crowdstrike.com/cybersecurity-101/cyberattacks/most-common-types-of-cyberattacks/}}
}

@misc{cia-triad,
    title={{What Is The CIA Triad? | Confidentiality, Integrity And Availability}},
    howpublished={SentinelOne, \url{https://www.sentinelone.com/cybersecurity-101/cia-triad/}}
}



@article{ddos_taxonomy,
	title = {A taxonomy of {DDoS} attack and {DDoS} defense mechanisms},
	volume = {34},
	issn = {0146-4833},
	url = {https://dl.acm.org/doi/10.1145/997150.997156},
	doi = {10.1145/997150.997156},
	language = {en},
	number = {2},
	urldate = {2024-06-07},
	journal = {SIGCOMM Comput. Commun. Rev.},
	author = {Mirkovic, Jelena and Reiher, Peter},
	month = apr,
	year = {2004},
	pages = {39--53},
}



@inproceedings{griffioen-2021,
  author    = {H. Griffioen and K. Oosthoek and P. Van Der Knaap and C. Doerr},
  title     = {Scan, Test, Execute: Adversarial Tactics in Amplification DDoS Attacks},
  booktitle = {Proceedings of the 2021 ACM SIGSAC Conference on Computer and Communications Security},
  year      = {2021},
  pages     = {940--954},
  publisher = {ACM},
  address   = {Virtual Event Republic of Korea},
  month     = nov,
  doi       = {10.1145/3460120.3484747}
}

@misc{cloud_dns,
  title = {{What is DNS?}},
  howpublished = {Cloudflare, \url{https://www.cloudflare.com/en-gb/learning/dns/what-is-dns/}},
}
@misc{slab_allocation,
    author={Mike Perham},
    title={{Slabs, Pages, Chunks and Memcached.}},
    howpublished={\url{https://www.mikeperham.com/2009/06/22/slabs-pages-chunks-and-memcached/}}    
}

@misc{raiden_dnsd,
    title={{Raiden DNSD}},
    howpublished={Raiden, \url{http://www.raidendnsd.com/}},
}

@misc{auth_no_rec,
    title={{Recursive vs Authoritative DNS ‚Äî What's the difference?}},
    howpublished={NSLookup.io, \url{https://www.nslookup.io/learning/recursive-vs-authoritative-dns/}},
}

@misc{dig,
    title={{dig - Linux man page}.},
    howpublished={die.net, \url{https://linux.die.net/man/1/dig}}
}

@misc{bind,
    title ={{BIND 9.}},
    howpublished={Internet Systems Consortium,\url{https://www.isc.org/bind/}},
}

@inproceedings{griffioen_quantifying_2020,
	address = {Virtual Event Ireland},
	title = {Quantifying autonomous system {IP} churn using attack traffic of botnets},
	isbn = {978-1-4503-8833-7},
	url = {https://dl.acm.org/doi/10.1145/3407023.3407051},
	doi = {10.1145/3407023.3407051},
	language = {en},
	urldate = {2024-05-31},
	booktitle = {Proceedings of the 15th {International} {Conference} on {Availability}, {Reliability} and {Security}},
	publisher = {ACM},
	author = {Griffioen, Harm and Doerr, Christian},
	month = aug,
	year = {2020},
	pages = {1--10},
}
 @conference{cispa-loopy,
    title = {Loopy {Hell}(ow): {InÔ¨Ånite} {TrafÔ¨Åc} {Loops} at the {Application} {Layer}},
    language = {en},
    author = {Pan, Yepeng and Ascheman, Anna and Rossow, Christian},
    year = 2024,
    month = apr,
    url = "https://publications.cispa.de/articles/conference_contribution/Loopy_Hell_ow_In_nite_Traffic_Loops_at_the_Application_Layer/25470952", doi = "10.60882/cispa.25470952.v2",
}



@misc{autsys,
	title = {What is an autonomous system?},
	howpublished = {Cloudflare, \url{https://www.cloudflare.com/en-gb/learning/network-layer/what-is-an-autonomous-system/}},
}

[1] J. Mirkovic and P. Reiher, ‚ÄòA taxonomy of DDoS attack and DDoS defense mechanisms‚Äô, SIGCOMM Comput. Commun. Rev., vol. 34, no. 2, pp. 39‚Äì53, Apr. 2004, doi: 10.1145/997150.997156.



